% Encoding: UTF-8

@Online{eiffeldate,
  author =   {Eiffel Software},
  title =    {Frequently Asked Questions on the Eiffel Language},
  url =      {https://www.eiffel.com/resources/faqs/eiffel-language/#classic-how},
  language = {english},
  urldate =  {2016-03-15}
}

@Online{eiffeldocs,
  author =   {Eiffel Software},
  title =    {Eiffel Documentation},
  url =      {http://www.eiffel.org/documentation},
  language = {english},
  urldate =  {2016-03-15}
}

@Online{eiffelextensibility,
  author =       {Eiffel Software},
  title =        {Invitation à Eiffel - 2 Principes de conception},
  year =         {2006},
  url =          {http://cedric.babault.free.fr/Eiffel/Introduction/invitation-03.html},
  language =     {french},
  urldate =      {2016-03-15},
  origlanguage = {english},
  translator =   {Cédric Babault}
}

@Online{ocamldate,
  author =   {OCaml.org, Xavier Leroy},
  title =    {Une histoire d'OCaml},
  url =      {https://ocaml.org/learn/history.fr.html},
  language = {french},
  urldate =  {2016-03-15}
}

@Online{tiobe,
  author =   {TIOBE},
  title =    {TIOBE Index},
  year =     {2016},
  date =     {2016-03},
  url =      {http://www.tiobe.com/tiobe_index},
  language = {english},
  urldate =  {2016-03-15}
}
